@article{Alam15,
  title   = {Exploring the performance of the National Early Warning Score (NEWS) in a European emergency department},
  journal = {Resuscitation},
  volume  = {90},
  pages   = {111-115},
  year    = {2015},
  issn    = {0300-9572},
  doi     = {https://doi.org/10.1016/j.resuscitation.2015.02.011},
  url     = {https://www.sciencedirect.com/science/article/pii/S0300957215000787},
  author  = {N. Alam and I.L. Vegting and E. Houben and B. {van Berkel} and L. Vaughan and M.H.H. Kramer and P.W.B. Nanayakkara}
}

@article{Alsinglawi22,
  author  = {Alsinglawi, Belal and Alshari, Osama and Alorjani, Mohammed and Mubin, Omar and Alnajjar, Fady and Novoa, Mauricio and Darwish, Omar},
  title   = {An explainable machine learning framework for lung cancer hospital length of stay prediction},
  journal = {Scientific Reports},
  year    = {2022},
  month   = {Jan},
  day     = {12},
  volume  = {12},
  number  = {1},
  pages   = {607},
  issn    = {2045-2322},
  doi     = {10.1038/s41598-021-04608-7},
  url     = {https://doi.org/10.1038/s41598-021-04608-7}
}

@article{Aylin07,
  author    = {Aylin, Paul and Bottle, Alex and Majeed, Azeem},
  title     = {Use of administrative data or clinical databases as predictors of risk of death in hospital: comparison of models},
  volume    = {334},
  number    = {7602},
  pages     = {1044},
  year      = {2007},
  doi       = {10.1136/bmj.39168.496366.55},
  publisher = {BMJ Publishing Group Ltd},
  issn      = {0959-8138},
  url       = {https://www.bmj.com/content/334/7602/1044},
  eprint    = {https://www.bmj.com/content/334/7602/1044.full.pdf},
  journal   = {BMJ}
}

@article{Azcarate20,
  title   = {The problem of the last bed: Contextualization and a new simulation framework for analyzing physician decisions},
  journal = {Omega},
  volume  = {96},
  pages   = {102120},
  year    = {2020},
  issn    = {0305-0483},
  doi     = {https://doi.org/10.1016/j.omega.2019.102120},
  url     = {https://www.sciencedirect.com/science/article/pii/S0305048318303062},
  author  = {Cristina Azcarate and Laida Esparza and Fermin Mallor}
}

@article{Birkmeyer20,
  author  = {Birkmeyer, John D. and Barnato, Amber and Birkmeyer, Nancy and Bessler, Robert and Skinner, Jonathan},
  title   = {The Impact Of The COVID-19 Pandemic On Hospital Admissions In The United States},
  journal = {Health Affairs},
  volume  = {39},
  number  = {11},
  pages   = {2010-2017},
  year    = {2020},
  doi     = {10.1377/hlthaff.2020.00980},
  note    = {PMID: 32970495},
  url     = {https://doi.org/10.1377/hlthaff.2020.00980},
  eprint  = {https://doi.org/10.1377/hlthaff.2020.00980}
}

@article{Campbell08,
  author  = {Campbell, A. J. and Cook, J. A. and Adey, G. and Cuthbertson, B. H.},
  title   = {{Predicting death and readmission after intensive care discharge}},
  journal = {BJA: British Journal of Anaesthesia},
  volume  = {100},
  number  = {5},
  pages   = {656-662},
  year    = {2008},
  month   = {04},
  issn    = {0007-0912},
  doi     = {10.1093/bja/aen069},
  url     = {https://doi.org/10.1093/bja/aen069},
  eprint  = {https://academic.oup.com/bja/article-pdf/100/5/656/614009/aen069.pdf}
}

@article{Christodoulou19,
  title   = {A systematic review shows no performance benefit of machine learning over logistic regression for clinical prediction models},
  journal = {Journal of Clinical Epidemiology},
  volume  = {110},
  pages   = {12-22},
  year    = {2019},
  issn    = {0895-4356},
  doi     = {https://doi.org/10.1016/j.jclinepi.2019.02.004},
  url     = {https://www.sciencedirect.com/science/article/pii/S0895435618310813},
  author  = {Evangelia Christodoulou and Jie Ma and Gary S. Collins and Ewout W. Steyerberg and Jan Y. Verbakel and Ben {Van Calster}}
}

@article{Donnelly21,
  author  = {Donnelly, John P. and Wang, Xiao Qing and Iwashyna, Theodore J. and Prescott, Hallie C.},
  title   = {{Readmission and Death After Initial Hospital Discharge Among Patients With COVID-19 in a Large Multihospital System}},
  journal = {JAMA},
  volume  = {325},
  number  = {3},
  pages   = {304-306},
  year    = {2021},
  month   = {01},
  issn    = {0098-7484},
  doi     = {10.1001/jama.2020.21465},
  url     = {https://doi.org/10.1001/jama.2020.21465},
  eprint  = {https://jamanetwork.com/journals/jama/articlepdf/2774380/jama\_donnelly\_2020\_ld\_200114\_1610652593.65392.pdf}
}

@article{Donze13,
  author  = {Donzé, Jacques and Aujesky, Drahomir and Williams, Deborah and Schnipper, Jeffrey L.},
  title   = {{Potentially Avoidable 30-Day Hospital Readmissions in Medical Patients: Derivation and Validation of a Prediction Model}},
  journal = {JAMA Internal Medicine},
  volume  = {173},
  number  = {8},
  pages   = {632-638},
  year    = {2013},
  month   = {04},
  issn    = {2168-6106},
  doi     = {10.1001/jamainternmed.2013.3023},
  url     = {https://doi.org/10.1001/jamainternmed.2013.3023},
  eprint  = {https://jamanetwork.com/journals/jamainternalmedicine/articlepdf/1672282/ioi120113\_632\_638.pdf}
}

@article{Fernandes20,
  doi       = {10.1371/journal.pone.0230876},
  author    = {Fernandes, Marta AND Mendes, Rúben AND Vieira, Susana M. AND Leite, Francisca AND Palos, Carlos AND Johnson, Alistair AND Finkelstein, Stan AND Horng, Steven AND Celi, Leo Anthony},
  journal   = {PLOS ONE},
  publisher = {Public Library of Science},
  title     = {Risk of mortality and cardiopulmonary arrest in critical patients presenting to the emergency department using machine learning and natural language processing},
  year      = {2020},
  month     = {04},
  volume    = {15},
  url       = {https://doi.org/10.1371/journal.pone.0230876},
  pages     = {1-20},
  number    = {4}
}

@article{Friebel19,
  title   = {The implications of high bed occupancy rates on readmission rates in England: A longitudinal study},
  journal = {Health Policy},
  volume  = {123},
  number  = {8},
  pages   = {765-772},
  year    = {2019},
  issn    = {0168-8510},
  doi     = {https://doi.org/10.1016/j.healthpol.2019.06.006},
  url     = {https://www.sciencedirect.com/science/article/pii/S0168851019301563},
  author  = {Rocco Friebel and Rebecca Fisher and Sarah R. Deeny and Tim Gardner and Aoife Molloy and Adam Steventon}
}

@article{Hanley82,
  author  = {Hanley, J A and McNeil, B J},
  title   = {The meaning and use of the area under a receiver operating characteristic (ROC) curve.},
  journal = {Radiology},
  volume  = {143},
  number  = {1},
  pages   = {29-36},
  year    = {1982},
  doi     = {10.1148/radiology.143.1.7063747},
  note    = {PMID: 7063747},
  url     = {https://doi.org/10.1148/radiology.143.1.7063747},
  eprint  = {https://doi.org/10.1148/radiology.143.1.7063747}
}

@article{Hassani15,
  doi       = {10.1371/journal.pone.0136547},
  author    = {Hassani, Sahar AND Lindman, Anja Schou AND Kristoffersen, Doris Tove AND Tomic, Oliver AND Helgeland, Jon},
  journal   = {PLOS ONE},
  publisher = {Public Library of Science},
  title     = {30-Day Survival Probabilities as a Quality Indicator for Norwegian Hospitals: Data Management and Analysis},
  year      = {2015},
  month     = {09},
  volume    = {10},
  url       = {https://doi.org/10.1371/journal.pone.0136547},
  pages     = {1-14},
  number    = {9}
}

@book{HSMR18,
  city      = {The Hague},
  journal   = {HSMR 2018: Methodological Report},
  publisher = {Statistics Netherlands},
  author    = {van der Laan, Jan and Witvliet, Corine and Peters, Marjolein and de Bruin, Agnes},
  year      = {2018}
} 

@article{Huang21,
  author  = {Huang, Yinan and Talwar, Ashna and Chatterjee, Satabdi and Aparasu, Rajender R.},
  title   = {Application of machine learning in predicting hospital readmissions: a scoping review of the literature},
  journal = {BMC Medical Research Methodology},
  year    = {2021},
  month   = {May},
  day     = {06},
  volume  = {21},
  number  = {1},
  pages   = {96},
  issn    = {1471-2288},
  doi     = {10.1186/s12874-021-01284-z},
  url     = {https://doi.org/10.1186/s12874-021-01284-z}
}

@article{Lees19,
  author  = {Lees-Deutsch, Liz and Robinson, Jane},
  title   = {A Systematic Review of Criteria-Led Patient Discharge},
  journal = {Journal of Nursing Care Quality},
  year    = {2019},
  volume  = {34},
  number  = {2},
  issn    = {1057-3631},
  url     = {https://journals.lww.com/jncqjournal/Fulltext/2019/04000/A_Systematic_Review_of_Criteria_Led_Patient.6.aspx}
}

@article{Levin18,
  title   = {Machine-Learning-Based Electronic Triage More Accurately Differentiates Patients With Respect to Clinical Outcomes Compared With the Emergency Severity Index},
  journal = {Annals of Emergency Medicine},
  volume  = {71},
  number  = {5},
  pages   = {565-574.e2},
  year    = {2018},
  issn    = {0196-0644},
  doi     = {https://doi.org/10.1016/j.annemergmed.2017.08.005},
  url     = {https://www.sciencedirect.com/science/article/pii/S0196064417314427},
  author  = {Scott Levin and Matthew Toerper and Eric Hamrock and Jeremiah S. Hinson and Sean Barnes and Heather Gardner and Andrea Dugas and Bob Linton and Tom Kirsch and Gabor Kelen}
}

@inproceedings{Lightgbm,
  author    = {Ke, Guolin and Meng, Qi and Finley, Thomas and Wang, Taifeng and Chen, Wei and Ma, Weidong and Ye, Qiwei and Liu, Tie-Yan},
  booktitle = {Advances in Neural Information Processing Systems},
  editor    = {I. Guyon and U. Von Luxburg and S. Bengio and H. Wallach and R. Fergus and S. Vishwanathan and R. Garnett},
  publisher = {Curran Associates, Inc.},
  title     = {LightGBM: A Highly Efficient Gradient Boosting Decision Tree},
  url       = {https://proceedings.neurips.cc/paper/2017/file/6449f44a102fde848669bdd9eb6b76fa-Paper.pdf},
  volume    = {30},
  year      = {2017}
}

@article{Mahmoudim20,
  author    = {Mahmoudi, Elham and Kamdar, Neil and Kim, Noa and Gonzales, Gabriella and Singh, Karandeep and Waljee, Akbar K},
  title     = {Use of electronic medical records in development and validation of risk prediction models of hospital readmission: systematic review},
  volume    = {369},
  year      = {2020},
  doi       = {10.1136/bmj.m958},
  publisher = {BMJ Publishing Group Ltd},
  url       = {https://www.bmj.com/content/369/bmj.m958},
  eprint    = {https://www.bmj.com/content/369/bmj.m958.full.pdf},
  journal   = {BMJ}
}

@article{Min19,
  author  = {Min, Xu and Yu, Bin and Wang, Fei},
  title   = {Predictive Modeling of the Hospital Readmission Risk from Patients' Claims Data Using Machine Learning: A Case Study on COPD},
  journal = {Scientific Reports},
  year    = {2019},
  month   = {Feb},
  day     = {20},
  volume  = {9},
  number  = {1},
  pages   = {2362},
  issn    = {2045-2322},
  doi     = {10.1038/s41598-019-39071-y},
  url     = {https://doi.org/10.1038/s41598-019-39071-y}
}

@report{NHS18,
  title    = {Ambulatory emergency care guide: same day emergency care – clinical definition, patient selection and metrics},
  author   = {{NHS Improvement and the Ambulatory Emergency Care Network}},
  year     = {2014},
  location = {England, UK}
}

@incollection{NICE18,
  author    = {{National Guideline Centre (UK)}},
  title     = {Standardised Discharge Criteria},
  booktitle = {Emergency and acute medical care in over 16s: service delivery and organisation},
  publisher = { National Institute for Health and Care Excellence (NICE)},
  address   = {London},
  year      = 2018,
  chapter   = 36
}

@article{Numpy,
  title     = {Array programming with {NumPy}},
  author    = {Charles R. Harris and K. Jarrod Millman and St{\'{e}}fan J.
               van der Walt and Ralf Gommers and Pauli Virtanen and David
               Cournapeau and Eric Wieser and Julian Taylor and Sebastian
               Berg and Nathaniel J. Smith and Robert Kern and Matti Picus
               and Stephan Hoyer and Marten H. van Kerkwijk and Matthew
               Brett and Allan Haldane and Jaime Fern{\'{a}}ndez del
               R{\'{i}}o and Mark Wiebe and Pearu Peterson and Pierre
               G{\'{e}}rard-Marchant and Kevin Sheppard and Tyler Reddy and
               Warren Weckesser and Hameer Abbasi and Christoph Gohlke and
               Travis E. Oliphant},
  year      = {2020},
  month     = sep,
  journal   = {Nature},
  volume    = {585},
  number    = {7825},
  pages     = {357--362},
  doi       = {10.1038/s41586-020-2649-2},
  publisher = {Springer Science and Business Media {LLC}},
  url       = {https://doi.org/10.1038/s41586-020-2649-2}
}

@article{Ouanes12,
  title   = {A model to predict short-term death or readmission after intensive care unit discharge},
  journal = {Journal of Critical Care},
  volume  = {27},
  number  = {4},
  pages   = {422.e1-422.e9},
  year    = {2012},
  issn    = {0883-9441},
  doi     = {https://doi.org/10.1016/j.jcrc.2011.08.003},
  url     = {https://www.sciencedirect.com/science/article/pii/S0883944111003790},
  author  = {Islem Ouanes and Carole Schwebel and Adrien Français and Cédric Bruel and François Philippart and Aurélien Vesin and Lilia Soufir and Christophe Adrie and Maïté Garrouste-Orgeas and Jean-François Timsit and Benoît Misset}
}

@inproceedings{Pandas,
  author    = { {W}es {M}c{K}inney },
  title     = { {D}ata {S}tructures for {S}tatistical {C}omputing in {P}ython },
  booktitle = { {P}roceedings of the 9th {P}ython in {S}cience {C}onference },
  pages     = { 56 - 61 },
  year      = { 2010 },
  editor    = { {S}t\'efan van der {W}alt and {J}arrod {M}illman },
  doi       = { 10.25080/Majora-92bf1922-00a }
}

@article{Prytherch10,
  title   = {ViEWS—Towards a national early warning score for detecting adult inpatient deterioration},
  journal = {Resuscitation},
  volume  = {81},
  number  = {8},
  pages   = {932-937},
  year    = {2010},
  issn    = {0300-9572},
  doi     = {https://doi.org/10.1016/j.resuscitation.2010.04.014},
  url     = {https://www.sciencedirect.com/science/article/pii/S030095721000242X},
  author  = {David R. Prytherch and Gary B. Smith and Paul E. Schmidt and Peter I. Featherstone}
}

@report{RCP12,
  title     = {National Early Warning Score (NEWS): Standardising the assessment of acute-illness severity in the NHS},
  author    = {{Royal College of Physicians}},
  publisher = {RCP},
  year      = {2012},
  location  = {London}
}

@report{RCP17,
  title     = {National Early Warning Score (NEWS) 2: Standardising the assessment of acute-illness severity in the NHS},
  author    = {{Royal College of Physicians}},
  publisher = {RCP},
  year      = {2017},
  location  = {London}
}

@article{Sklearn,
  title   = {Scikit-learn: Machine Learning in {P}ython},
  author  = {Pedregosa, F. and Varoquaux, G. and Gramfort, A. and Michel, V.
             and Thirion, B. and Grisel, O. and Blondel, M. and Prettenhofer, P.
             and Weiss, R. and Dubourg, V. and Vanderplas, J. and Passos, A. and
             Cournapeau, D. and Brucher, M. and Perrot, M. and Duchesnay, E.},
  journal = {Journal of Machine Learning Research},
  volume  = {12},
  pages   = {2825--2830},
  year    = {2011}
}

@article{Smith13,
  title   = {The ability of the National Early Warning Score (NEWS) to discriminate patients at risk of early cardiac arrest, unanticipated intensive care unit admission, and death},
  journal = {Resuscitation},
  volume  = {84},
  number  = {4},
  pages   = {465-470},
  year    = {2013},
  issn    = {0300-9572},
  doi     = {https://doi.org/10.1016/j.resuscitation.2012.12.016},
  url     = {https://www.sciencedirect.com/science/article/pii/S0300957213000026},
  author  = {Gary B. Smith and David R. Prytherch and Paul Meredith and Paul E. Schmidt and Peter I. Featherstone}
}

@article{Stenwig22,
  author  = {Stenwig, Eline and Salvi, Giampiero and Rossi, Pierluigi Salvo and Skj{\ae}rvold, Nils Kristian},
  title   = {Comparative analysis of explainable machine learning prediction models for hospital mortality},
  journal = {BMC Medical Research Methodology},
  year    = {2022},
  month   = {Feb},
  day     = {27},
  volume  = {22},
  number  = {1},
  pages   = {53},
  issn    = {1471-2288},
  doi     = {10.1186/s12874-022-01540-w},
  url     = {https://doi.org/10.1186/s12874-022-01540-w}
}

@article{Swets88,
  author  = {John A. Swets },
  title   = {Measuring the Accuracy of Diagnostic Systems},
  journal = {Science},
  volume  = {240},
  number  = {4857},
  pages   = {1285-1293},
  year    = {1988},
  doi     = {10.1126/science.3287615},
  url     = {https://www.science.org/doi/abs/10.1126/science.3287615},
  eprint  = {https://www.science.org/doi/pdf/10.1126/science.3287615}
}

@article{TabNet,
  title   = {TabNet: Attentive Interpretable Tabular Learning},
  volume  = {35},
  url     = {https://doi.org/10.1609/aaai.v35i8.16826},
  doi     = {10.1609/aaai.v35i8.16826},
  number  = {8},
  journal = {Proceedings of the AAAI Conference on Artificial Intelligence},
  author  = {Arik, Sercan Ö. and Pfister, Tomas},
  year    = {2021},
  month   = {May},
  pages   = {6679-6687}
}

@inproceedings{XGBoost,
  author    = {Chen, Tianqi and Guestrin, Carlos},
  title     = {{XGBoost}: A Scalable Tree Boosting System},
  booktitle = {Proceedings of the 22nd ACM SIGKDD International Conference on Knowledge Discovery and Data Mining},
  series    = {KDD '16},
  year      = {2016},
  isbn      = {978-1-4503-4232-2},
  location  = {San Francisco, California, USA},
  pages     = {785--794},
  numpages  = {10},
  url       = {http://doi.acm.org/10.1145/2939672.2939785},
  doi       = {10.1145/2939672.2939785},
  acmid     = {2939785},
  publisher = {ACM},
  address   = {New York, NY, USA},
  keywords  = {large-scale machine learning}
}

@article{Zaidi19,
  author  = {Zaidi, Hassan and Bader-El-Den, Mohamed and McNicholas, James},
  title   = {Using the National Early Warning Score (NEWS/NEWS 2) in different Intensive Care Units (ICUs) to predict the discharge location of patients},
  journal = {BMC Public Health},
  year    = {2019},
  month   = {Sep},
  day     = {05},
  volume  = {19},
  number  = {1},
  pages   = {1231},
  issn    = {1471-2458},
  doi     = {10.1186/s12889-019-7541-3},
  url     = {https://doi.org/10.1186/s12889-019-7541-3}
}





